
%%%% WEB %%%%
@webpage{cloudflare-dns,
  key =          "whatisdns",
  author =       "",
  title =        "What is DNS? | How DNS works",
  howpublished = "online",
  url =          "https://www.cloudflare.com/learning/dns/what-is-dns/",
  cited =        "2024-04-17",
}

@webpage{mdn-docs-url,
  key =          "whatisurl",
  author =       "",
  title =        "What is a URL?",
  howpublished = "online",
  url =          "https://developer.mozilla.org/en-US/docs/Learn/Common_questions/Web_mechanics/What_is_a_URL",
  cited =        "2024-04-17",
}

@webpage{mdn-docs-domain,
  key =          "whatisdomain",
  author =       "",
  title =        "What is a Domain Name?",
  howpublished = "online",
  url =          "https://developer.mozilla.org/en-US/docs/Learn/Common_questions/Web_mechanics/What_is_a_domain_name",
  cited =        "2024-04-17",
}

@webpage{mdn-docs-http-overview,
  key =          "http",
  author =       "",
  title =        "An overview of HTTP",
  howpublished = "online",
  url =          "https://developer.mozilla.org/en-US/docs/Web/HTTP/Overview",
  cited =        "2024-04-17",
}

@webpage{michal-spacek-etld-article,
  key =          "spacek",
  author =       "Michal Špaček",
  title =        "Origin, site, eTLD, eTLD+1, public suffix, PSL. What are they?",
  howpublished = "online",
  year =         "2023",
  month =        11,
  day =          20,
  url =          "https://www.michalspacek.com/origin-site-etld-etld-plus-one-public-suffix-psl-what-are-they",
  cited =        "2024-04-17",
}

@webpage{mozilla-psl-learn,
  key =          "publicsuffixlist",
  author =       "",
  title =        "Learn more about the Public Suffix List",
  howpublished = "online",
  url =          "https://publicsuffix.org/learn/",
  cited =        "2024-04-17",
}

@webpage{wiki-web,
  key =          "worldwideweb",
  author =       "",
  title =        "World Wide Web",
  howpublished = "online",
  url =          "https://en.wikipedia.org/wiki/World_Wide_Web",
  cited =        "2024-04-17",
}

@webpage{wiki-hyperlink,
  key =          "hyperlink",
  author =       "",
  title =        "Hyperlink",
  howpublished = "online",
  url =          "https://en.wikipedia.org/wiki/Hyperlink",
  cited =        "2024-04-17",
}

@webpage{wiki-tcpip,
  key =          "tcpip",
  author =       "",
  title =        "TCP/IP",
  howpublished = "online",
  url =          "https://cs.wikipedia.org/wiki/TCP/IP",
  cited =        "2024-04-17",
}






%%%% HTTP %%%%
@webpage{cloudflare-protocol,
  key =          "whatisaprotocol",
  author =       "",
  title =        "What is a protocol? | Network protocol definition",
  howpublished = "online",
  url =          "https://www.cloudflare.com/learning/network-layer/what-is-a-protocol/",
  cited =        "2024-04-17",
}

@webpage{cloudflare-http-not-secure,
  key =          "whyishttpnotsecure",
  author =       "",
  title =        "Why is HTTP not secure? | HTTP vs. HTTPS",
  howpublished = "online",
  url =          "https://www.cloudflare.com/learning/ssl/why-is-http-not-secure/",
  cited =        "2024-04-17",
}

@webpage{cloudflare-tls,
  key =          "whatistransportlayersecurity",
  author =       "",
  title =        "What is Transport Layer Security (TLS)",
  howpublished = "online",
  url =          "https://www.cloudflare.com/learning/ssl/transport-layer-security-tls/",
  cited =        "2024-04-17",
}

@misc{rfc9110,
    series =    {Request for Comments},
    number =    9110,
    howpublished =  {RFC 9110},
    publisher = {RFC Editor},
    doi =       {10.17487/RFC9110},
    url =       {https://www.rfc-editor.org/info/rfc9110},
    author =    {Roy T. Fielding and Mark Nottingham and Julian Reschke},
    title =     {HTTP Semantics},
    pagetotal = 194,
    year =      2022,
    month =     jun,
    abstract =  {The Hypertext Transfer Protocol (HTTP) is a stateless application-level protocol for distributed, collaborative, hypertext information systems. This document describes the overall architecture of HTTP, establishes common terminology, and defines aspects of the protocol that are shared by all versions. In this definition are core protocol elements, extensibility mechanisms, and the "http" and "https" Uniform Resource Identifier (URI) schemes. This document updates RFC 3864 and obsoletes RFCs 2818, 7231, 7232, 7233, 7235, 7538, 7615, 7694, and portions of 7230.},
}

@misc{rfc7230,
    series =    {Request for Comments},
    number =    7230,
    howpublished =  {RFC 7230},
    publisher = {RFC Editor},
    doi =       {10.17487/RFC7230},
    url =       {https://www.rfc-editor.org/info/rfc7230},
    author =    {Roy T. Fielding and Julian Reschke},
    title =     {Hypertext Transfer Protocol (HTTP/1.1): Message Syntax and Routing},
    pagetotal = 89,
    year =      2014,
    month =     jun,
    abstract =  {The Hypertext Transfer Protocol (HTTP) is a stateless application-level protocol for distributed, collaborative, hypertext information systems. This document provides an overview of HTTP architecture and its associated terminology, defines the "http" and "https" Uniform Resource Identifier (URI) schemes, defines the HTTP/1.1 message syntax and parsing requirements, and describes related security concerns for implementations.},
}





%%%% Web Documents
@webpage{documents-webpage,
  key =          "webpage",
  author =       "",
  title =        "Web page",
  howpublished = "online",
  url =          "https://www.computerhope.com/jargon/w/webpage.htm",
  cited =        "2024-04-29",
}

@webpage{documents-html-spec,
  key =          "htmlstandard",
  author =       "",
  title =        "HTML Standard",
  howpublished = "online",
  url =          "https://html.spec.whatwg.org/multipage/",
  cited =        "2024-04-29",
}






%%%% Web Browser
@webpage{mdn-docs-browser,
  key =          "browser",
  author =       "",
  title =        "Browser",
  howpublished = "online",
  url =          "https://developer.mozilla.org/en-US/docs/Glossary/Browser",
  cited =        "2024-04-29",
}

@webpage{mdn-docs-how-browser-works,
  key =          "populatingthepage",
  author =       "",
  title =        "Populating the page: how browsers work",
  howpublished = "online",
  url =          "https://developer.mozilla.org/en-US/docs/Web/Performance/How_browsers_work",
  cited =        "2024-04-29",
}

@webpage{mdn-docs-js,
  key =          "javascript",
  author =       "",
  title =        "JavaScript",
  howpublished = "online",
  url =          "https://developer.mozilla.org/en-US/docs/Web/javascript",
  cited =        "2024-04-29",
}

@webpage{mdn-docs-web-api,
  key =          "webapi",
  author =       "",
  title =        "Introduction to web APIs",
  howpublished = "online",
  url =          "https://developer.mozilla.org/en-US/docs/Learn/JavaScript/Client-side_web_APIs/Introduction",
  cited =        "2024-04-29",
}

@misc{rfc7159,
    series =    {Request for Comments},
    number =    7159,
    howpublished =  {RFC 7159},
    publisher = {RFC Editor},
    doi =       {10.17487/RFC7159},
    url =       {https://www.rfc-editor.org/info/rfc7159},
    author =    {Tim Bray},
    title =     {The JavaScript Object Notation (JSON) Data Interchange Format},
    pagetotal = 16,
    year =      2014,
    month =     mar,
}





%%%% Monitoring
@webpage{wiki-website-monitoring,
  key =          "websitemonitoring",
  author =       "",
  title =        "Website monitoring",
  howpublished = "online",
  url =          "https://en.wikipedia.org/wiki/Website_monitoring",
  cited =        "2024-04-29",
}






%%%% NEL
@article{nel-client-side-measurement-e2e-reliability,
    author =    "Sam Burnett and Lily Chen and Douglas A. Creager and Misha Efimov and Ilya Grigorik and Ben Jones and               Harsha V. Madhyastha and Pavlos Papageorge and Brian Rogan and Charles Stahl and Julia Tuttle",

    title  =    "Network Error Logging: Client-Side Measurement Of End-To-End Web Service Reliability",
    journal =   "In 17th USENIX Symposium on Networked Systems Design and Implementation, NSDI 2020",
    publisher = "USENIX Association",
    pages =     "985–998",
}

@webpage{W3C-NEL,
  author =       "Douglas Creager and Ian Clelland",
  title =        "Network Error Logging",
  howpublished = "online",
  year =         "2023",
  month =        10,
  day =          5,
  url =          "https://www.w3.org/TR/2023/WD-network-error-logging-20231005/",
  cited =        "2023-11-01",
}

@webpage{W3C-reporting-api,
  author =       "Douglas Creager and Ian Clelland and Mike West",
  title =        "Reporting API",
  howpublished = "online",
  year =         "2018",
  month =        9,
  day =          25,
  url =          "https://www.w3.org/TR/2018/WD-reporting-1-20180925/",
  cited =        "2023-11-04",
}






%%%% Analysed Domains
@website{chrome-crux,
  key =          "cruxoverview",
  author =       "",
  title =        "Overview of CrUX",
  howpublished = "online",
  url =          "https://developer.chrome.com/docs/crux",
  cited =        "2024-04-30",
}

@website{chrome-crux-methodology,
  key =          "cruxmethodology",
  author =       "",
  title =        "CrUX methodology",
  howpublished = "online",
  url =          "https://developer.chrome.com/docs/crux/methodology",
  cited =        "2024-04-30",
}

@misc{tranco, 
   series={NDSS 2019},
   title={Tranco: A Research-Oriented Top Sites Ranking Hardened Against Manipulation},
   url={http://dx.doi.org/10.14722/ndss.2019.23386},
   DOI={10.14722/ndss.2019.23386},
   booktitle={Proceedings 2019 Network and Distributed System Security Symposium},
   publisher={Internet Society},
   author={Le Pochat, Victor and Van Goethem, Tom and Tajalizadehkhoob, Samaneh and Korczynski, Maciej and Joosen, Wouter},
   isbn="1-891562-55-X",
   year={2019},
   collection={NDSS 2019} }


@webpage{tranco-homepage,
  key =          "tranco",
  author =       "",
  title =        "A research-oriented top sites ranking hardened against manipulation - Tranco",
  howpublished = "online",
  url =          "https://tranco-list.eu/",
  cited =        "2023-11-22",
}

@webpage{tranco-config,
  key =          "trancoconfig",
  author =       "",
  title =        "Configuration - Tranco",
  howpublished = "online",
  url =          "https://tranco-list.eu/configure",
  cited =        "2023-11-22",
}

@webpage{hacker-target-website-lists-overview,
  key =          "downloadtop1",
  title =        "Download Top 1 Million Sites",
  howpublished = "online",
  url =          "https://hackertarget.com/top-million-site-list-download/",
  cited =        "2023-11-22",
}








%%%% Web Crawling
@webpage{crawling-webdriver,
  key =          "webdriver",
  author =       "",
  title =        "WebDriver",
  howpublished = "online",
  url =          "https://developer.mozilla.org/en-US/docs/Web/WebDriver",
  cited =        "2024-04-30",
}

@webpage{crawling-selenium,
  key =          "selenium",
  author =       "",
  title =        "Getting started | Selenium",
  howpublished = "online",
  url =          "https://www.selenium.dev/documentation/webdriver/getting_started/",
  cited =        "2024-04-30",
}

@webpage{crawling-playwright,
  key =          "playwright",
  author =       "",
  title =        "Fast and reliable end-to-end testing for modern web apps | Playwright Python",
  howpublished = "online",
  url =          "https://playwright.dev/python/",
  cited =        "2024-04-30",
}






%%%% HTTP Archive
@article{nel-http-archive,
  title={Network Error Logging: HTTP Archive Analysis}, 
  author={Kamil Jeřábek and Libor Polčák},
  year={2023},
  eprint={2305.01249},
  archivePrefix={arXiv},
  primaryClass={cs.NI},
  month =     5,
  day =       2,
  url="https://doi.org/10.48550/arXiv.2305.01249",
}


@webpage{httparchive-homepage,
  key =          "httparchive",
  author =       "",
  title =        "The HTTP Archive",
  howpublished = "online",
  url =          "https://httparchive.org/",
  cited =        "2023-11-28",
  year =         "2022",
  month =        10,
  day =          3,
}

@webpage{httparchive-about,
  key =          "httparchiveabout",
  author =       "",
  title =        "About the HTTP Archive",
  howpublished = "online",
  url =          "https://httparchive.org/about#mission",
  cited =        "2023-11-28",
}

@webpage{httparchive-faq,
  key =          "httparchivefaq",
  author =       "",
  title =        "HTTP Archive FAQ",
  howpublished = "online",
  url =          "https://httparchive.org/faq",
  cited =        "2023-11-28",
}

@webpage{httparchive-harfile,
  key =          "har",
  author =       "",
  title =        "HAR - HTTP Archive File Format",
  howpublished = "online",
  url =          "https://docs.fileformat.com/web/har",
  cited =        "2023-11-28",
}

@website{webpagetest,
  key =          "webpagetest",
  author =       "",
  title =        "WebPageTest Documentation",
  howpublished = "online",
  url =          "https://docs.webpagetest.org/getting-started/",
  cited =        "2023-12-02",
}

@website{httparchive-repo,
  key =          "httparchiverepo",
  author =       "",
  title =        "httparchive.org/docs/gettingstarted\_bigquery.md",
  howpublished = "online",
  url =          "https://github.com/HTTPArchive/httparchive.org/blob/085230465002b0e6280c633b4f228508d42a7e45/docs/gettingstarted\_bigquery.md",
  cited =        "2024-05-01",
  year =         "2024",
  month =        2,
  day =          22,
}

% GOOGLE CLOUD PLATFORM
@webpage{google-bq,
  key =          "bvigquery",
  author =       "",
  title =        "BigQuery overview",
  howpublished = "online",
  url =          "https://cloud.google.com/bigquery/docs/introduction",
  cited =        "2024-05-01",
}

@webpage{google-bq-storage,
  key =          "bigquerystorage",
  author =       "",
  title =        "Overview of BigQuery storage",
  howpublished = "online",
  url =          "https://cloud.google.com/bigquery/docs/storage_overview",
  cited =        "2024-05-01",
}


@webpage{google-bq-pricing,
  key =          "bigquerypricing",
  author =       "",
  title =        "BigQuery Pricing",
  howpublished = "online",
  url =          "https://cloud.google.com/bigquery/pricing",
  cited =        "2023-12-05",
}
